



@article{moderl2011spatial,
  title={Spatial risk assessment for critical network infrastructure using sensitivity analysis},
  author={M{\"o}derl, Michael and Rauch, Wolfgang},
  journal={Frontiers of Earth Science},
  volume={5},
  number={4},
  pages={414--420},
  year={2011},
  publisher={Springer}
}


@article{constantine2012method,
  title={A method for spatial sensitivity analysis},
  author={Constantine, Paul G and Wang, Qiqi and Iaccarino, Gianluca},
  journal={Center for Turbulence Research, Stanford, CA},
  year={2012}
}


@inproceedings{saint2010comparison,
  title={Comparison of three spatial sensitivity analysis techniques},
  author={Saint-Geours, Nathalie and Lilburne, Linda},
  booktitle={Accuracy 2010},
  pages={421--424},
  year={2010}
}


@article{gotway2002combining,
  title={Combining incompatible spatial data},
  author={Gotway, Carol A and Young, Linda J},
  journal={Journal of the American Statistical Association},
  volume={97},
  number={458},
  pages={632--648},
  year={2002},
  publisher={Taylor \& Francis}
}


@article{chen2010spatial,
  title={Spatial sensitivity analysis of multi-criteria weights in GIS-based land suitability evaluation},
  author={Chen, Yun and Yu, Jia and Khan, Shahbaz},
  journal={Environmental modelling \& software},
  volume={25},
  number={12},
  pages={1582--1591},
  year={2010},
  publisher={Elsevier}
}


@article{Thomasetal2017,
author = {Thomas, Isabelle and Jones, Jonathan and Caruso, Geoffrey and Gerber, Philippe},
title = {City delineation in European applications of LUTI models: review and tests},
journal = {Transport Reviews},
volume = {0},
number = {0},
pages = {1-27},
year = {2017},
doi = {10.1080/01441647.2017.1295112},
URL = { 
        http://www.tandfonline.com/doi/abs/10.1080/01441647.2017.1295112
	},
eprint = { 
        http://www.tandfonline.com/doi/pdf/10.1080/01441647.2017.1295112
    }
}


@article{raimbault2018calibration,
  title={Calibration of a density-based model of urban morphogenesis},
  author={Raimbault, Juste},
  journal={PloS one},
  volume={13},
  number={9},
  pages={e0203516},
  year={2018},
  publisher={Public Library of Science}
}


@article{anas1998urban,
  title={Urban spatial structure},
  author={Anas, Alex and Arnott, Richard and Small, Kenneth A},
  journal={Journal of economic literature},
  volume={36},
  number={3},
  pages={1426--1464},
  year={1998},
  publisher={JSTOR}
}



@article{obled1994sensitivity,
  title={The sensitivity of hydrological models to spatial rainfall patterns: an evaluation using observed data},
  author={Obled, Ch and Wendling, J and Beven, K},
  journal={Journal of hydrology},
  volume={159},
  number={1-4},
  pages={305--333},
  year={1994},
  publisher={Elsevier}
}



@inproceedings{cottineau2017initial,
  title={Initial spatial conditions in simulation models: the missing leg of sensitivity analyses?},
  author={Cottineau, Cl{\'e}mentine and Raimbault, Juste and Le Texier, Marion and Le N{\'e}chet, Florent and Reuillon, Romain},
  booktitle={2017 International Conference on GeoComputation: Celebrating 21 Years of GeoComputation},
  year={2017}
}


@article{lilburne2009sensitivity,
  title={Sensitivity analysis of spatial models},
  author={Lilburne, Linda and Tarantola, Stefano},
  journal={International Journal of Geographical Information Science},
  volume={23},
  number={2},
  pages={151--168},
  year={2009},
  publisher={Taylor \& Francis}
}


@inproceedings{raimbault2017applied,
  title={An Applied Knowledge Framework to Study Complex Systems},
  author={Raimbault, Juste},
  booktitle={Complex Systems Design \& Management},
  pages={31--45},
  year={2017}
}
