


@book{w2016multi,
  title={The multi-agent transport simulation MATSim},
  author={W Axhausen, Kay and Horni, Andreas and Nagel, Kai},
  year={2016},
  publisher={Ubiquity Press}
}

@inproceedings{raimbault2020scala,
  title={A scala library for spatial sensitivity analysis},
  author={Raimbault, J and Perret, J and Reuillon, R},
  year={2020},
  organization={GISRUK}
}

@article{batty2021new,
  title={A new framework for very large-scale urban modelling},
  author={Batty, Michael and Milton, Richard},
  journal={Urban Studies},
  volume={58},
  number={15},
  pages={3071--3094},
  year={2021},
  publisher={SAGE Publications Sage UK: London, England}
}


@article{spooner2021dynamic,
  title={A dynamic microsimulation model for epidemics},
  author={Spooner, Fiona and Abrams, Jesse F and Morrissey, Karyn and Shaddick, Gavin and Batty, Michael and Milton, Richard and Dennett, Adam and Lomax, Nik and Malleson, Nick and Nelissen, Natalie and others},
  journal={Social Science \& Medicine},
  volume={291},
  pages={114461},
  year={2021},
  publisher={Elsevier}
}

@article{raimbault2021multiscale,
  title={A multiscale model of urban morphogenesis},
  author={Raimbault, Juste},
  journal={arXiv preprint arXiv:2103.17241},
  year={2021}
}


@article{raimbault2021strong,
  title={Strong coupling between scales in a multi-scalar model of urban dynamics},
  author={Raimbault, Juste},
  journal={arXiv preprint arXiv:2101.12725},
  year={2021}
}


@inproceedings{brasebin2017apports,
  title={Apports des m{\'e}thodes d'exploration et de distribution appliqu{\'e}es {\`a} la simulation des droits {\`a} b{\^a}tir},
  author={Brasebin, Micka{\"e}l and Chapron, Paul and Ch{\'e}rel, Guillaume and Leclaire, Mathieu and Lokhat, Imran and Perret, Julien and Reuillon, Romain},
  booktitle={Spatial Analysis and GEOmatics 2017},
  year={2017}
}


@inproceedings{raimbault2021estimating,
  title={Estimating public transport congestion in UK urban areas with open transport models},
  author={Raimbault, J and Batty, M},
  year={2021},
  organization={GIS Research UK (GISRUK)}
}


@article{raimbault2019space,
  title={Space Matters: Extending Sensitivity Analysis to Initial Spatial Conditions in Geosimulation Models},
  author={Raimbault, Juste and Cottineau, Cl{\'e}mentine and Le Texier, Marion and Le Nechet, Florent and Reuillon, Romain},
  journal={Journal of Artificial Societies and Social Simulation},
  volume={22},
  number={4},
  year={2019},
  publisher={JASSS}
}


@inproceedings{raimbault2019generating,
  title={Generating urban morphologies at large scales},
  author={Raimbault, Juste and Perret, Julien},
  booktitle={Artificial Life Conference Proceedings},
  pages={179--186},
  year={2019},
  organization={MIT Press One Rogers Street, Cambridge, MA 02142-1209, USA journals-info~…}
}


@article{raimbault2019second,
  title={Second-order control of complex systems with correlated synthetic data},
  author={Raimbault, Juste},
  journal={Complex Adaptive Systems Modeling},
  volume={7},
  number={1},
  pages={1--19},
  year={2019},
  publisher={Springer}
}


@article{raimbault2020relating,
  title={Relating complexities for the reflexive study of complex systems},
  author={Raimbault, Juste},
  journal={Theories and Models of Urbanization: Geography, Economics and Computing Sciences},
  pages={27--41},
  year={2020},
  publisher={Springer}
}


@incollection{raimbault2021modeling,
  title={Modeling the co-evolution of cities and networks},
  author={Raimbault, Juste},
  booktitle={Handbook of cities and networks},
  pages={166--193},
  year={2021},
  publisher={Edward Elgar Publishing}
}


@inproceedings{raimbault2018systematic,
  title={A systematic comparison of interaction models for systems of cities},
  author={Raimbault, Juste},
  booktitle={Conference on Complex Systems 2018},
  year={2018}
}


@inproceedings{pumain2018from,
  title={From ERC GeoDiverCity : Knowledge accelerator and pending questions},
  author={Pumain, D.},
  booktitle={Conference on Complex Systems 2018},
  year={2018}
}





@inproceedings{raimbault2018extracting,
  title={Extracting knowledge from simulation models: trends and perspectives from the viewpoint of quantitative geography},
  author={Raimbault, Juste},
  booktitle={Conference on Complex Systems 2018},
  year={2018}
}


@article{pumain2003approche,
	Author = {Pumain, Denise},
	Journal = {G{\'e}ocarrefour},
	Number = {1},
	Pages = {25--31},
	Title = {Une approche de la complexit{\'e} en g{\'e}ographie},
	Volume = {78},
	Year = {2003}}



@inproceedings{cottineau2017initial,
  title={Initial spatial conditions in simulation models: the missing leg of sensitivity analyses?},
  author={Cottineau, Cl{\'e}mentine and Raimbault, Juste and Le Texier, Marion and Le N{\'e}chet, Florent and Reuillon, Romain},
  booktitle={2017 International Conference on GeoComputation: Celebrating 21 Years of GeoComputation},
  year={2017}
}


@article{banos2015importance,
  title={The importance of being hybrid for spatial epidemic models: a multi-scale approach},
  author={Banos, Arnaud and Corson, Nathalie and Gaudou, Benoit and Laperri{\`e}re, Vincent and Coyrehourcq, S{\'e}bastien Rey},
  journal={Systems},
  volume={3},
  number={4},
  pages={309--329},
  year={2015},
  publisher={Multidisciplinary Digital Publishing Institute}
}


@phdthesis{arduin2018modelisation,
  title={Mod{\'e}lisation math{\'e}matique des interactions entre pathog{\`e}nes chez l’h{\^o}te humain: Application aux virus de la grippe et au pneumocoque},
  author={Arduin, H{\'e}l{\`e}ne},
  year={2018},
  school={Universit{\'e} Paris-Saclay}
}


@inproceedings{lavallee2018dynamical,
  title={A dynamical model for the growth of a stand of Japanese knotweed including mowing as a management technique},
  author={Lavall{\'e}e, F. and Alvarez, I. and Dommanget, F. and Martin, S. and Reineking, B. and Smadi, C.},
	booktitle={Conference on Complex Systems 2018},
	year={2018}
}

@article{passerat2017reproducible,
  title={Reproducible Large-Scale Neuroimaging Studies with the OpenMOLE Workflow Management System},
  author={Passerat-Palmbach, Jonathan and Reuillon, Romain and Leclaire, Mathieu and Makropoulos, Antonios and Robinson, Emma C and Parisot, Sarah and Rueckert, Daniel},
  journal={Frontiers in neuroinformatics},
  volume={11},
  pages={21},
  year={2017},
  publisher={Frontiers}
}


@inproceedings{raimbault2017applied,
  title={An Applied Knowledge Framework to Study Complex Systems},
  author={Raimbault, Juste},
  booktitle={Complex Systems Design \& Management},
  pages={31--45},
  year={2017}
}

@inproceedings{raimbault2014hybrid,
  title={A Hybrid Network/Grid Model of Urban Morphogenesis and Optimization},
  author={Raimbault, Juste and Banos, Arnaud and Doursat, Ren{\'e}},
  booktitle={4th International Conference on Complex Systems and Applications},
  pages={51--60},
  year={2014}
}

@article{openshaw1987mark,
  title={A mark 1 geographical analysis machine for the automated analysis of point data sets},
  author={Openshaw, Stan and Charlton, Martin and Wymer, Colin and Craft, Alan},
  journal={International Journal of Geographical Information System},
  volume={1},
  number={4},
  pages={335--358},
  year={1987},
  publisher={Taylor \& Francis}
}


@book{behnisch2018trends,
  title={Trends in Spatial Analysis and Modelling},
  author={Behnisch, Martin and Meinel, Gotthard},
  year={2018},
  publisher={Springer}
}



@inproceedings{perez2016agent,
	Author = {Perez, Pascal and Banos, Arnaud and Pettit, Chris},
	Booktitle = {International Workshop on Agent Based Modelling of Urban Systems},
	Organization = {Springer},
	Pages = {60--69},
	Title = {Agent-Based Modelling for Urban Planning Current Limitations and Future Trends},
	Year = {2016}}



@article{arribas2018geography,
  title={Geography and computers: Past, present, and future},
  author={Arribas-Bel, Dani and Reades, Jon},
  journal={Geography Compass},
  pages={e12403},
  year={2018},
  publisher={Wiley Online Library}
}
