


@article{jabbar2022blockchain,
  title={Blockchain Technology for Intelligent Transportation Systems: A Systematic Literature Review},
  author={Jabbar, Rateb and Dhib, Eya and ben Said, Ahmed and Krichen, Moez and Fetais, Noora and Zaidan, Esmat and Barkaoui, Kamel},
  journal={IEEE Access},
  year={2022},
  publisher={IEEE}
}



@article{kumar2021privacy,
  title={A privacy-preserving-based secure framework using blockchain-enabled deep-learning in cooperative intelligent transport system},
  author={Kumar, Randhir and Kumar, Prabhat and Tripathi, Rakesh and Gupta, Govind P and Kumar, Neeraj and Hassan, Mohammad Mehedi},
  journal={IEEE Transactions on Intelligent Transportation Systems},
  year={2021},
  publisher={IEEE}
}


@article{balasubramaniam2021blockchain,
  title={Blockchain for intelligent transport system},
  author={Balasubramaniam, Anandkumar and Gul, Malik Junaid Jami and Menon, Varun G and Paul, Anand},
  journal={IETE Technical Review},
  volume={38},
  number={4},
  pages={438--449},
  year={2021},
  publisher={Taylor \& Francis}
}



@inproceedings{mezquita2021review,
  title={Review of Privacy Preservation with Blockchain Technology in the Context of Smart Cities},
  author={Mezquita, Yeray and Gonz{\'a}lez-Briones, Alfonso and Casado-Vara, Roberto and Wolf, Patricia and Prieta, Fernando de la and Gil-Gonz{\'a}lez, Ana-Bel{\'e}n},
  booktitle={Sustainable Smart Cities and Territories International Conference},
  pages={68--77},
  year={2021},
  organization={Springer}
}


@incollection{kathrine2021intelligent,
  title={An Intelligent Blockchain-Based Framework for Securing Smart Grid},
  author={Kathrine, G Jaspher W and Javadi, Bahman and Peter, J Dinesh and Palmer, G Matthew},
  booktitle={Industry 4.0 Interoperability, Analytics, Security, and Case Studies},
  pages={81--94},
  year={2021},
  publisher={CRC Press}
}


@article{singh2020convergence,
  title={Convergence of blockchain and artificial intelligence in IoT network for the sustainable smart city},
  author={Singh, Saurabh and Sharma, Pradip Kumar and Yoon, Byungun and Shojafar, Mohammad and Cho, Gi Hwan and Ra, In-Ho},
  journal={Sustainable Cities and Society},
  volume={63},
  pages={102364},
  year={2020},
  publisher={Elsevier}
}


