




@inproceedings{raimbault2018multi,
	Author = {Raimbault, Juste},
	Booktitle = {ALife 2018},
	Title = {Multi-modeling the morphogenesis of transportation networks},
	Year = {2018}
}



@article{raimbault2017calibration,
	Author = {Raimbault, Juste},
	Date-Added = {2017-11-13 12:16:46 +0000},
	Date-Modified = {2017-11-13 12:16:46 +0000},
	Journal = {PLoS ONE, in revision},
	Title = {Calibration of a Density-based Model of Urban Morphogenesis},
	Year = {2018}}


@article{le2015modeling,
	Author = {Le N{\'e}chet, Florent and Raimbault, Juste},
	Date-Added = {2017-06-28 10:37:20 +0000},
	Date-Modified = {2017-06-28 10:37:20 +0000},
	Journal = {Plurimondi. An International Forum for Research and Debate on Human Settlements},
	Number = {15},
	Title = {Modeling the emergence of metropolitan transport autorithy in a polycentric urban region},
	Volume = {7},
	Year = {2015}}



@inproceedings{cottineau2017initial,
	Author = {Cottineau, Clementine and Raimbault, Juste and Le Texier, Marion and Le Nechet, Florent and Reuillon, Romain},
	Booktitle = {Geocomputation Conference},
	Date-Added = {2017-06-28 10:37:20 +0000},
	Date-Modified = {2017-06-28 10:41:46 +0000},
	Title = {Initial spatial conditions in simulation models: the missing leg of sensitivity analyses?},
	Year = {2017}}
