
@book{batty2024computable,
title={The Computable City. Histories, Technologies, Stories, Predictions},
author={Batty, Michael},
year={2024},
publisher={MIT Press}
}


@article{ferre2022adoption,
  title={The adoption of urban digital twins},
  author={Ferr{\'e}-Bigorra, Jaume and Casals, Miquel and Gangolells, Marta},
  journal={Cities},
  volume={131},
  pages={103905},
  year={2022},
  publisher={Elsevier}
}


@article{weil2023systemic,
  title={A Systemic Review of Urban Digital Twin Challenges, and Perspectives for Sustainable Smart Cities},
  author={Weil, Charlotte and Bibri, Simon Elias and Longchamp, R{\'e}gis and Golay, Fran{\c{c}}ois and Alahi, Alexandre},
  journal={Sustainable Cities and Society},
  pages={104862},
  year={2023},
  publisher={Elsevier}
}



@inproceedings{brasebin2017apports,
  title={Apports des m{\'e}thodes d'exploration et de distribution appliqu{\'e}es {\`a} la simulation des droits {\`a} b{\^a}tir},
  author={Brasebin, Micka{\"e}l and Chapron, Paul and Ch{\'e}rel, Guillaume and Leclaire, Mathieu and Lokhat, Imran and Perret, Julien and Reuillon, Romain},
  booktitle={Spatial Analysis and GEOmatics 2017},
  year={2017}
}

@inproceedings{delay2020comexp,
  title={ComExp: une mani{\`e}re d'introduire l'exploration avec les acteurs},
  author={Delay, Etienne and Chapron, Paul and Leclaire, Mathieu and Reuillon, Romain},
  year={2020},
  organization={ComMod}
}

@article{reuillon2013openmole,
  title={OpenMOLE, a workflow engine specifically tailored for the distributed exploration of simulation models},
  author={Reuillon, Romain and Leclaire, Mathieu and Rey-Coyrehourcq, Sebastien},
  journal={Future Generation Computer Systems},
  volume={29},
  number={8},
  pages={1981--1990},
  year={2013},
  publisher={Elsevier}
}

@article{raimbault2021estimating,
  title={Estimating public transport congestion in UK urban areas with open transport models},
  author={Raimbault, Juste and Batty, Michael},
  journal={arXiv preprint arXiv:2104.14359},
  year={2021}
}


@book{w2016multi,
  title={The multi-agent transport simulation MATSim},
  author={W Axhausen, Kay and Horni, Andreas and Nagel, Kai},
  year={2016},
  publisher={Ubiquity Press}
}

@inproceedings{raimbault2020scala,
  title={A scala library for spatial sensitivity analysis},
  author={Raimbault, J and Perret, J and Reuillon, R},
  year={2020},
  organization={GISRUK}
}

@article{batty2021new,
  title={A new framework for very large-scale urban modelling},
  author={Batty, Michael and Milton, Richard},
  journal={Urban Studies},
  volume={58},
  number={15},
  pages={3071--3094},
  year={2021},
  publisher={SAGE Publications Sage UK: London, England}
}


@article{spooner2021dynamic,
  title={A dynamic microsimulation model for epidemics},
  author={Spooner, Fiona and Abrams, Jesse F and Morrissey, Karyn and Shaddick, Gavin and Batty, Michael and Milton, Richard and Dennett, Adam and Lomax, Nik and Malleson, Nick and Nelissen, Natalie and others},
  journal={Social Science \& Medicine},
  volume={291},
  pages={114461},
  year={2021},
  publisher={Elsevier}
}

@incollection{raimbault2021modeling,
  title={Modeling the co-evolution of cities and networks},
  author={Raimbault, Juste},
  booktitle={Handbook of cities and networks},
  pages={166--193},
  year={2021},
  publisher={Edward Elgar Publishing}
}

@article{raimbault2020indirect,
  title={Indirect evidence of network effects in a system of cities},
  author={Raimbault, Juste},
  journal={Environment and Planning B: Urban Analytics and City Science},
  volume={47},
  number={1},
  pages={138--155},
  year={2020},
  publisher={SAGE Publications Sage UK: London, England}
}

@incollection{raimbault:halshs-02265423,
  TITLE = {{Evolving accessibility landscapes: mutations of transportation networks in China}},
  AUTHOR = {Raimbault, Juste},
  URL = {https://shs.hal.science/halshs-02265423},
  NOTE = {ebook},
  BOOKTITLE = {{PATHWAYS OF SUSTAINABLE URBAN DEVELOPMENT ACROSS CHINA: THE CASES OF HANGZHOU, DATONG AND ZHUHAI}},
  EDITOR = {N. Aveline-Dubach},
  PUBLISHER = {{Imago Editor}},
  PAGES = {89-108},
  YEAR = {2019},
  KEYWORDS = {PARIS team ; Transportation networks ; COUV ; Pearl River Delta ; urban transit ; accessibility ; HSR},
  PDF = {https://shs.hal.science/halshs-02265423/file/MediumEBook_Raimbault.pdf},
  HAL_ID = {halshs-02265423},
  HAL_VERSION = {v1},
}

@article{raimbault2020empowering,
  title={Empowering urban governance through urban science: Multi-scale dynamics of urban systems worldwide},
  author={Raimbault, Juste and Denis, Eric and Pumain, Denise},
  journal={Sustainability},
  volume={12},
  number={15},
  pages={5954},
  year={2020},
  publisher={MDPI}
}

@incollection{pumain2020conclusion,
  title={Conclusion: Perspectives on urban theories},
  author={Pumain, Denise and Raimbault, Juste},
  booktitle={Theories and Models of Urbanization: Geography, Economics and Computing Sciences},
  pages={303--330},
  year={2020},
  publisher={Springer}
}

@misc{li2020real,
  title={Real-time GIS for smart cities},
  author={Li, Wenwen and Batty, Michael and Goodchild, Michael F},
  journal={International Journal of Geographical Information Science},
  volume={34},
  number={2},
  pages={311--324},
  year={2020},
  publisher={Taylor \& Francis}
}

@article{raimbault2021empowering,
  title={Empowering open science with reflexive and spatialised indicators},
  author={Raimbault, Juste and Chasset, Pierre-Olivier and Cottineau, Cl{\'e}mentine and Commenges, Hadrien and Pumain, Denise and Kosmopoulos, Christine and Banos, Arnaud},
  journal={Environment and Planning B: Urban Analytics and City Science},
  volume={48},
  number={2},
  pages={298--313},
  year={2021},
  publisher={SAGE Publications Sage UK: London, England}
}

@article{raimbault2019exploration,
  title={Exploration of an interdisciplinary scientific landscape},
  author={Raimbault, Juste},
  journal={Scientometrics},
  volume={119},
  number={2},
  pages={617--641},
  year={2019},
  publisher={Springer}
}

@article{raimbault2019space,
  title={Space Matters: Extending Sensitivity Analysis to Initial Spatial Conditions in Geosimulation Models},
  author={Raimbault, J and Cottineau, C and Le Texier, M and Le Nechet, F and Reuillon, R},
  journal={Journal of Artificial Societies and Social Simulation},
  volume={22},
  number={4},
  year={2019},
  publisher={JASSS}
}


@inproceedings{raimbault2019generating,
  title={Generating urban morphologies at large scales},
  author={Raimbault, Juste and Perret, Julien},
  booktitle={The 2019 Conference on Artificial Life},
  pages={179--186},
  year={2019},
  organization={MIT Press}
}


@article{raimbault2019second,
  title={Second-order control of complex systems with correlated synthetic data},
  author={Raimbault, Juste},
  journal={Complex Adaptive Systems Modeling},
  volume={7},
  number={1},
  pages={1--19},
  year={2019},
  publisher={Springer}
}


@misc{batty2019map,
  title={A map is not the territory, or is it?},
  author={Batty, Michael},
  journal={Environment and Planning B: Urban Analytics and City Science},
  volume={46},
  number={4},
  pages={599--602},
  year={2019},
  publisher={SAGE Publications Sage UK: London, England}
}


@article{kandt2021smart,
  title={Smart cities, big data and urban policy: Towards urban analytics for the long run},
  author={Kandt, Jens and Batty, Michael},
  journal={Cities},
  volume={109},
  pages={102992},
  year={2021},
  publisher={Elsevier}
}



@misc{batty2021multiple,
  title={Multiple models},
  author={Batty, Michael},
  journal={Environment and Planning B: Urban Analytics and City Science},
  volume={48},
  number={8},
  pages={2129--2132},
  year={2021},
  publisher={SAGE Publications Sage UK: London, England}
}


@article{arcaute2021future,
  title={Future Cities: Why Digital Twins Need to Take Complexity Science on Board},
  author={Arcaute, Elsa and Barthelemy, Marc and Batty, Michael and Caldarelli, Guido and Gershenson, Carlos and Helbing, Dirk and Moreno, Yamir and Ramasco, Jos{\'e} J and Rozenblat, C{\'e}line and S{\'a}nchez, Angel},
  journal={Complexity Digest},
  year={2021}
}


@misc{batty2018digital,
  title={Digital twins},
  author={Batty, Michael},
  journal={Environment and Planning B: Urban Analytics and City Science},
  volume={45},
  number={5},
  pages={817--820},
  year={2018},
  publisher={SAGE Publications Sage UK: London, England}
}



