

@article{raimbault2019space,
  title={Space Matters: Extending Sensitivity Analysis to Initial Spatial Conditions in Geosimulation Models},
  author={Raimbault, J and Cottineau, C and Le Texier, M and Le Nechet, F and Reuillon, R},
  journal={Journal of Artificial Societies and Social Simulation},
  volume={22},
  number={4},
  year={2019},
  publisher={JASSS}
}


@inproceedings{raimbault2019generating,
  title={Generating urban morphologies at large scales},
  author={Raimbault, Juste and Perret, Julien},
  booktitle={The 2019 Conference on Artificial Life},
  pages={179--186},
  year={2019},
  organization={MIT Press}
}


@article{raimbault2019second,
  title={Second-order control of complex systems with correlated synthetic data},
  author={Raimbault, Juste},
  journal={Complex Adaptive Systems Modeling},
  volume={7},
  number={1},
  pages={1--19},
  year={2019},
  publisher={Springer}
}


@misc{batty2019map,
  title={A map is not the territory, or is it?},
  author={Batty, Michael},
  journal={Environment and Planning B: Urban Analytics and City Science},
  volume={46},
  number={4},
  pages={599--602},
  year={2019},
  publisher={SAGE Publications Sage UK: London, England}
}


@article{kandt2021smart,
  title={Smart cities, big data and urban policy: Towards urban analytics for the long run},
  author={Kandt, Jens and Batty, Michael},
  journal={Cities},
  volume={109},
  pages={102992},
  year={2021},
  publisher={Elsevier}
}



@misc{batty2021multiple,
  title={Multiple models},
  author={Batty, Michael},
  journal={Environment and Planning B: Urban Analytics and City Science},
  volume={48},
  number={8},
  pages={2129--2132},
  year={2021},
  publisher={SAGE Publications Sage UK: London, England}
}


@article{arcaute2021future,
  title={Future Cities: Why Digital Twins Need to Take Complexity Science on Board},
  author={Arcaute, Elsa and Barthelemy, Marc and Batty, Michael and Caldarelli, Guido and Gershenson, Carlos and Helbing, Dirk and Moreno, Yamir and Ramasco, Jos{\'e} J and Rozenblat, C{\'e}line and S{\'a}nchez, Angel},
  journal={Complexity Digest},
  year={2021}
}


@misc{batty2018digital,
  title={Digital twins},
  author={Batty, Michael},
  journal={Environment and Planning B: Urban Analytics and City Science},
  volume={45},
  number={5},
  pages={817--820},
  year={2018},
  publisher={SAGE Publications Sage UK: London, England}
}



