
@article{raimbault2021multiscale,
  title={A multiscale model of urban morphogenesis},
  author={Raimbault, Juste},
  journal={arXiv preprint arXiv:2103.17241},
  year={2021}
}

@article{raimbault2021strong,
  title={Strong coupling between scales in a multi-scalar model of urban dynamics},
  author={Raimbault, Juste},
  journal={arXiv preprint arXiv:2101.12725},
  year={2021}
}

@article{raimbault2021complementarity,
  title={Complementarity of generative models for road networks},
  author={Raimbault, Juste},
  journal={arXiv preprint arXiv:2109.15206},
  year={2021}
}

@article{raimbault2020comparison,
  title={A comparison of simple models for urban morphogenesis},
  author={Raimbault, Juste},
  journal={arXiv preprint arXiv:2008.13277},
  year={2020}
}

@inproceedings{raimbault2018multi,
  title={Multi-modeling the morphogenesis of transportation networks},
  author={Raimbault, Juste},
  booktitle={European Conference on Artificial Life (ALIFE 2018)},
  volume={2018},
  pages={382--383},
  year={2018},
  organization={MIT Press}
}

@article{raimbault2020empowering,
  title={Empowering urban governance through urban science: Multi-scale dynamics of urban systems worldwide},
  author={Raimbault, Juste and Denis, Eric and Pumain, Denise},
  journal={Sustainability},
  volume={12},
  number={15},
  pages={5954},
  year={2020},
  publisher={MDPI}
}

@incollection{raimbault2021modeling,
  title={Modeling the co-evolution of cities and networks},
  author={Raimbault, Juste},
  booktitle={Handbook of cities and networks},
  pages={166--193},
  year={2021},
  publisher={Edward Elgar Publishing}
}

@article{cottineau2015modular,
  title={A modular modelling framework for hypotheses testing in the simulation of urbanisation},
  author={Cottineau, Cl{\'e}mentine and Reuillon, Romain and Chapron, Paul and Rey-Coyrehourcq, S{\'e}bastien and Pumain, Denise},
  journal={Systems},
  volume={3},
  number={4},
  pages={348--377},
  year={2015},
  publisher={MDPI}
}

@article{raimbault2022trade,
  title={Trade-offs between sustainable development goals in systems of cities},
  author={Raimbault, Juste and Pumain, Denise},
  journal={Journal of Urban Management},
  volume={11},
  number={2},
  pages={237--245},
  year={2022},
  publisher={Elsevier}
}


@article{viguie2012trade,
  title={Trade-offs and synergies in urban climate policies},
  author={Vigui{\'e}, Vincent and Hallegatte, St{\'e}phane},
  journal={Nature Climate Change},
  volume={2},
  number={5},
  pages={334--337},
  year={2012},
  publisher={Nature Publishing Group UK London}
}


@article{harbaugh2002reexamining,
  title={Reexamining the empirical evidence for an environmental Kuznets curve},
  author={Harbaugh, William T and Levinson, Arik and Wilson, David Molloy},
  journal={Review of Economics and Statistics},
  volume={84},
  number={3},
  pages={541--551},
  year={2002},
  publisher={MIT Press 238 Main St., Suite 500, Cambridge, MA 02142-1046, USA journals~â€¦}
}

@article{stern2004rise,
  title={The rise and fall of the environmental Kuznets curve},
  author={Stern, David I},
  journal={World development},
  volume={32},
  number={8},
  pages={1419--1439},
  year={2004},
  publisher={Elsevier}
}


@article{dinda2004environmental,
  title={Environmental Kuznets curve hypothesis: a survey},
  author={Dinda, Soumyananda},
  journal={Ecological economics},
  volume={49},
  number={4},
  pages={431--455},
  year={2004},
  publisher={Elsevier}
}

@article{nations2015sustainable,
  title={17 Goals to Transform Our World: United Nations Sustainable Development 2015},
  author={United Nations},
  journal={United Nations Press: New York, NY, USA},
  year={2015}
}

@article{pumain2010theorie,
  title={Une th{\'e}orie g{\'e}ographique des villes},
  author={Pumain, Denise},
  journal={Bulletin de la Soci{\'e}t{\'e} g{\'e}ographie de Li{\`e}ge},
  volume={55},
  number={2},
  pages={5--15},
  year={2010}
}

@book{batty2018inventing,
  title={Inventing future cities},
  author={Batty, Michael},
  year={2018},
  publisher={MIT press}
}


@inproceedings{brasebin2017apports,
  title={Apports des m{\'e}thodes d'exploration et de distribution appliqu{\'e}es {\`a} la simulation des droits {\`a} b{\^a}tir},
  author={Brasebin, Micka{\"e}l and Chapron, Paul and Ch{\'e}rel, Guillaume and Leclaire, Mathieu and Lokhat, Imran and Perret, Julien and Reuillon, Romain},
  booktitle={Spatial Analysis and GEOmatics 2017},
  year={2017}
}

@inproceedings{delay2020comexp,
  title={ComExp: une mani{\`e}re d'introduire l'exploration avec les acteurs},
  author={Delay, Etienne and Chapron, Paul and Leclaire, Mathieu and Reuillon, Romain},
  year={2020},
  organization={ComMod}
}

@article{reuillon2013openmole,
  title={OpenMOLE, a workflow engine specifically tailored for the distributed exploration of simulation models},
  author={Reuillon, Romain and Leclaire, Mathieu and Rey-Coyrehourcq, Sebastien},
  journal={Future Generation Computer Systems},
  volume={29},
  number={8},
  pages={1981--1990},
  year={2013},
  publisher={Elsevier}
}

@article{raimbault2021estimating,
  title={Estimating public transport congestion in UK urban areas with open transport models},
  author={Raimbault, Juste and Batty, Michael},
  journal={arXiv preprint arXiv:2104.14359},
  year={2021}
}


@book{w2016multi,
  title={The multi-agent transport simulation MATSim},
  author={W Axhausen, Kay and Horni, Andreas and Nagel, Kai},
  year={2016},
  publisher={Ubiquity Press}
}

@inproceedings{raimbault2020scala,
  title={A scala library for spatial sensitivity analysis},
  author={Raimbault, J and Perret, J and Reuillon, R},
  year={2020},
  organization={GISRUK}
}

@article{batty2021new,
  title={A new framework for very large-scale urban modelling},
  author={Batty, Michael and Milton, Richard},
  journal={Urban Studies},
  volume={58},
  number={15},
  pages={3071--3094},
  year={2021},
  publisher={SAGE Publications Sage UK: London, England}
}


@article{spooner2021dynamic,
  title={A dynamic microsimulation model for epidemics},
  author={Spooner, Fiona and Abrams, Jesse F and Morrissey, Karyn and Shaddick, Gavin and Batty, Michael and Milton, Richard and Dennett, Adam and Lomax, Nik and Malleson, Nick and Nelissen, Natalie and others},
  journal={Social Science \& Medicine},
  volume={291},
  pages={114461},
  year={2021},
  publisher={Elsevier}
}

@incollection{raimbault2021modeling,
  title={Modeling the co-evolution of cities and networks},
  author={Raimbault, Juste},
  booktitle={Handbook of cities and networks},
  pages={166--193},
  year={2021},
  publisher={Edward Elgar Publishing}
}

@article{raimbault2020indirect,
  title={Indirect evidence of network effects in a system of cities},
  author={Raimbault, Juste},
  journal={Environment and Planning B: Urban Analytics and City Science},
  volume={47},
  number={1},
  pages={138--155},
  year={2020},
  publisher={SAGE Publications Sage UK: London, England}
}

@incollection{raimbault:halshs-02265423,
  TITLE = {{Evolving accessibility landscapes: mutations of transportation networks in China}},
  AUTHOR = {Raimbault, Juste},
  URL = {https://shs.hal.science/halshs-02265423},
  NOTE = {ebook},
  BOOKTITLE = {{PATHWAYS OF SUSTAINABLE URBAN DEVELOPMENT ACROSS CHINA: THE CASES OF HANGZHOU, DATONG AND ZHUHAI}},
  EDITOR = {N. Aveline-Dubach},
  PUBLISHER = {{Imago Editor}},
  PAGES = {89-108},
  YEAR = {2019},
  KEYWORDS = {PARIS team ; Transportation networks ; COUV ; Pearl River Delta ; urban transit ; accessibility ; HSR},
  PDF = {https://shs.hal.science/halshs-02265423/file/MediumEBook_Raimbault.pdf},
  HAL_ID = {halshs-02265423},
  HAL_VERSION = {v1},
}

@article{raimbault2020empowering,
  title={Empowering urban governance through urban science: Multi-scale dynamics of urban systems worldwide},
  author={Raimbault, Juste and Denis, Eric and Pumain, Denise},
  journal={Sustainability},
  volume={12},
  number={15},
  pages={5954},
  year={2020},
  publisher={MDPI}
}

@incollection{pumain2020conclusion,
  title={Conclusion: Perspectives on urban theories},
  author={Pumain, Denise and Raimbault, Juste},
  booktitle={Theories and Models of Urbanization: Geography, Economics and Computing Sciences},
  pages={303--330},
  year={2020},
  publisher={Springer}
}

@misc{li2020real,
  title={Real-time GIS for smart cities},
  author={Li, Wenwen and Batty, Michael and Goodchild, Michael F},
  journal={International Journal of Geographical Information Science},
  volume={34},
  number={2},
  pages={311--324},
  year={2020},
  publisher={Taylor \& Francis}
}

@article{raimbault2021empowering,
  title={Empowering open science with reflexive and spatialised indicators},
  author={Raimbault, Juste and Chasset, Pierre-Olivier and Cottineau, Cl{\'e}mentine and Commenges, Hadrien and Pumain, Denise and Kosmopoulos, Christine and Banos, Arnaud},
  journal={Environment and Planning B: Urban Analytics and City Science},
  volume={48},
  number={2},
  pages={298--313},
  year={2021},
  publisher={SAGE Publications Sage UK: London, England}
}

@article{raimbault2019exploration,
  title={Exploration of an interdisciplinary scientific landscape},
  author={Raimbault, Juste},
  journal={Scientometrics},
  volume={119},
  number={2},
  pages={617--641},
  year={2019},
  publisher={Springer}
}

@article{raimbault2019space,
  title={Space Matters: Extending Sensitivity Analysis to Initial Spatial Conditions in Geosimulation Models},
  author={Raimbault, J and Cottineau, C and Le Texier, M and Le Nechet, F and Reuillon, R},
  journal={Journal of Artificial Societies and Social Simulation},
  volume={22},
  number={4},
  year={2019},
  publisher={JASSS}
}


@inproceedings{raimbault2019generating,
  title={Generating urban morphologies at large scales},
  author={Raimbault, Juste and Perret, Julien},
  booktitle={The 2019 Conference on Artificial Life},
  pages={179--186},
  year={2019},
  organization={MIT Press}
}


@article{raimbault2019second,
  title={Second-order control of complex systems with correlated synthetic data},
  author={Raimbault, Juste},
  journal={Complex Adaptive Systems Modeling},
  volume={7},
  number={1},
  pages={1--19},
  year={2019},
  publisher={Springer}
}


@misc{batty2019map,
  title={A map is not the territory, or is it?},
  author={Batty, Michael},
  journal={Environment and Planning B: Urban Analytics and City Science},
  volume={46},
  number={4},
  pages={599--602},
  year={2019},
  publisher={SAGE Publications Sage UK: London, England}
}


@article{kandt2021smart,
  title={Smart cities, big data and urban policy: Towards urban analytics for the long run},
  author={Kandt, Jens and Batty, Michael},
  journal={Cities},
  volume={109},
  pages={102992},
  year={2021},
  publisher={Elsevier}
}



@misc{batty2021multiple,
  title={Multiple models},
  author={Batty, Michael},
  journal={Environment and Planning B: Urban Analytics and City Science},
  volume={48},
  number={8},
  pages={2129--2132},
  year={2021},
  publisher={SAGE Publications Sage UK: London, England}
}


@article{arcaute2021future,
  title={Future Cities: Why Digital Twins Need to Take Complexity Science on Board},
  author={Arcaute, Elsa and Barthelemy, Marc and Batty, Michael and Caldarelli, Guido and Gershenson, Carlos and Helbing, Dirk and Moreno, Yamir and Ramasco, Jos{\'e} J and Rozenblat, C{\'e}line and S{\'a}nchez, Angel},
  journal={Complexity Digest},
  year={2021}
}


@misc{batty2018digital,
  title={Digital twins},
  author={Batty, Michael},
  journal={Environment and Planning B: Urban Analytics and City Science},
  volume={45},
  number={5},
  pages={817--820},
  year={2018},
  publisher={SAGE Publications Sage UK: London, England}
}



