


@phdthesis{cuyala2014analyse,
  title={Analyse spatio-temporelle d'un mouvement scientifique. L'exemple de la g{\'e}ographie th{\'e}orique et quantitative europ{\'e}enne francophone.},
  author={Cuyala, Sylvain},
  year={2014},
  school={Universit{\'e} Paris 1 Panth{\'e}on-Sorbonne}
}

@inproceedings{shahrour2017smart,
  title={Smart cities: System and tools used for the digital modelling of physical urban systems},
  author={Shahrour, Isam and Alileche, Lyes and Alfurjani, Abdurahman},
  booktitle={2017 Sensors Networks Smart and Emerging Technologies (SENSET)},
  pages={1--4},
  year={2017},
  organization={IEEE}
}

@misc{batty2018digital,
  title={Digital twins},
  author={Batty, Michael},
  year={2018},
  publisher={SAGE Publications Sage UK: London, England}
}

@book{giere2010scientific,
  title={Scientific perspectivism},
  author={Giere, Ronald N},
  year={2010},
  publisher={University of Chicago Press}
}


@book{varenne2018theories,
  title={Th{\'e}ories et mod{\`e}les en sciences humaines: le cas de la g{\'e}ographie},
  author={Varenne, Franck},
  year={2018},
  publisher={{\'E}ditions Mat{\'e}riologiques}
}

@inproceedings{marinica2011particle,
  title={Particle filter for platoon based models of urban traffic},
  author={Marinica, Nicolae-Emanuel and Boel, Ren{\'e}},
  booktitle={15th WSEAS CSCC Multiconference},
  pages={42--47},
  year={2011},
  organization={WSEAS Press}
}

@article{jiang2017new,
  title={A new kind of accurate calibration method for robotic kinematic parameters based on the extended Kalman and particle filter algorithm},
  author={Jiang, Zhihong and Zhou, Weigang and Li, Hui and Mo, Yang and Ni, Wencheng and Huang, Qiang},
  journal={IEEE Transactions on Industrial Electronics},
  volume={65},
  number={4},
  pages={3337--3345},
  year={2017},
  publisher={IEEE}
}


@incollection{raimbault2020relating,
  title={Relating complexities for the reflexive study of complex systems},
  author={Raimbault, Juste},
  booktitle={Theories and models of urbanization},
  pages={27--41},
  year={2020},
  publisher={Springer}
}

@article{grimm2005pattern,
  title={Pattern-oriented modeling of agent-based complex systems: lessons from ecology},
  author={Grimm, Volker and Revilla, Eloy and Berger, Uta and Jeltsch, Florian and Mooij, Wolf M and Railsback, Steven F and Thulke, Hans-Hermann and Weiner, Jacob and Wiegand, Thorsten and DeAngelis, Donald L},
  journal={science},
  volume={310},
  number={5750},
  pages={987--991},
  year={2005},
  publisher={American Association for the Advancement of Science}
}


@book{vogel2002computational,
  title={Computational methods for inverse problems},
  author={Vogel, Curtis R},
  year={2002},
  publisher={SIAM}
}

@article{livet2010ontology,
  title={Ontology, a Mediator for Agent-Based Modeling in Social Science},
  author={Livet, Pierre and Muller, Jean-Pierre and Phan, Denis and Sanders, Lena},
  journal={Journal of Artificial Societies and Social Simulation},
  volume={13},
  number={1},
  pages={3},
  year={2010}
}

@article{with1997use,
  title={The use and misuse of neutral landscape models in ecology},
  author={With, Kimberly A and King, Anthony W},
  journal={Oikos},
  pages={219--229},
  year={1997},
  publisher={JSTOR}
}

@article{yang2019ontology,
  title={Ontology-based systems engineering: A state-of-the-art review},
  author={Yang, Lan and Cormican, Kathryn and Yu, Ming},
  journal={Computers in Industry},
  volume={111},
  pages={148--171},
  year={2019},
  publisher={Elsevier}
}

@article{clarke1998loose,
  title={Loose-coupling a cellular automaton model and GIS: long-term urban growth prediction for San Francisco and Washington/Baltimore},
  author={Clarke, Keith C and Gaydos, Leonard J},
  journal={International journal of geographical information science},
  volume={12},
  number={7},
  pages={699--714},
  year={1998},
  publisher={Taylor \& Francis}
}

@article{lockerby2015asynchronous,
  title={Asynchronous coupling of hybrid models for efficient simulation of multiscale systems},
  author={Lockerby, Duncan A and Patronis, Alexander and Borg, Matthew K and Reese, Jason M},
  journal={Journal of Computational Physics},
  volume={284},
  pages={261--272},
  year={2015},
  publisher={Elsevier}
}

@inproceedings{vangheluwe2000devs,
  title={DEVS as a common denominator for multi-formalism hybrid systems modelling},
  author={Vangheluwe, Hans LM},
  booktitle={Cacsd. conference proceedings. IEEE international symposium on computer-aided control system design (cat. no. 00th8537)},
  pages={129--134},
  year={2000},
  organization={IEEE}
}

@article{bithell2009coupling,
  title={Coupling agent-based models of subsistence farming with individual-based forest models and dynamic models of water distribution},
  author={Bithell, Mike and Brasington, James},
  journal={Environmental Modelling \& Software},
  volume={24},
  number={2},
  pages={173--190},
  year={2009},
  publisher={Elsevier}
}

@article{macleod2016model,
  title={Model coupling in resource economics: conditions for effective interdisciplinary collaboration},
  author={MacLeod, Miles and Nagatsu, Michiru},
  journal={Philosophy of science},
  volume={83},
  number={3},
  pages={412--433},
  year={2016},
  publisher={University of Chicago Press Chicago, IL}
}

@article{hofkes1996modelling,
  title={Modelling sustainable development: An economy-ecology integrated model},
  author={Hofkes, Marjan W},
  journal={Economic Modelling},
  volume={13},
  number={3},
  pages={333--353},
  year={1996},
  publisher={Elsevier}
}

@article{batty2021new,
  title={A new framework for very large-scale urban modelling},
  author={Batty, Michael and Milton, Richard},
  journal={Urban Studies},
  pages={0042098020982252},
  year={2021},
  publisher={SAGE Publications Sage UK: London, England}
}

@article{muvuna2019methodology,
  title={A methodology to model integrated smart city system from the information perspective},
  author={Muvuna, Jules and Boutaleb, Tuleen and Baker, Keith J and Mickovski, Slobodan B},
  journal={Smart Cities},
  volume={2},
  number={4},
  pages={496--511},
  year={2019},
  publisher={Multidisciplinary Digital Publishing Institute}
}

@article{yamagata2013simulating,
  title={Simulating a future smart city: An integrated land use-energy model},
  author={Yamagata, Yoshiki and Seya, Hajime},
  journal={Applied Energy},
  volume={112},
  pages={1466--1474},
  year={2013},
  publisher={Elsevier}
}


@article{wegener2021land,
  title={Land-use transport interaction models},
  author={Wegener, Michael},
  journal={Handbook of regional science},
  pages={229--246},
  year={2021},
  publisher={Springer}
}


@article{batty2021defining,
  title={Defining Urban Science},
  author={Batty, Michael},
  journal={Urban Informatics},
  year={2021}
  pages={15},
  publisher={Springer Nature}
}


@incollection{pumain2020conclusion,
  title={Conclusion: Perspectives on urban theories},
  author={Pumain, Denise and Raimbault, Juste},
  booktitle={Theories and Models of Urbanization},
  pages={303--330},
  year={2020},
  publisher={Springer}
}


@inproceedings{milton2019accelerating,
  title={Accelerating Urban Modelling Algorithms with Artificial Intelligence},
  author={Milton, Richard and Roumpani, Flora},
  booktitle={Proceedings of the 5th International Conference on Geographical Information Systems Theory, Applications and Management},
  volume={1},
  pages={105--116},
  year={2019},
  organization={INSTICC}
}

@inproceedings{drogoul2015agent,
  title={Agent-based modeling for multidisciplinary and participatory approaches to climate change adaptation planning},
  author={Drogoul, Alexis},
  booktitle={Proceedings of RFCC-2015 Workshop, AIT},
  year={2015}
}

@phdthesis{bretagnolle2009villes,
  title={Villes et r{\'e}seaux de transport: des interactions dans la longue dur{\'e}e (France, Europe, Etats-Unis)},
  author={Bretagnolle, Anne},
  year={2009}
}


@article{etzion2018management,
  title={Management for sustainability},
  author={Etzion, Dror},
  journal={Nature Sustainability},
  volume={1},
  number={12},
  pages={744--749},
  year={2018},
  publisher={Nature Publishing Group}
}

@inproceedings{raimbault2020coevolution,
  title={A co-evolution agent-based model for systems of cities and transportation networks integrating top-down governance through game theory},
  author={Raimbault, Juste},
  booktitle={Conference on Complex Systems 2020},
  year={2020}
}



@inproceedings{le2015modeling,
  title={Modeling the emergence of metropolitan transport autorithy in a polycentric urban region},
  author={Le N{\'e}chet, Florent and Raimbault, Juste},
  booktitle={European Colloqueum on Theoretical and Quantitative Geography},
  year={2015}
}

@inproceedings{raimbault2019generating,
  title={Generating urban morphologies at large scales},
  author={Raimbault, Juste and Perret, Julien},
  booktitle={Artificial Life Conference Proceedings},
  pages={179--186},
  year={2019},
  organization={MIT Press}
}

@article{raimbault2019second,
  title={Second-order control of complex systems with correlated synthetic data},
  author={Raimbault, Juste},
  journal={Complex Adaptive Systems Modeling},
  volume={7},
  number={1},
  pages={1--19},
  year={2019},
  publisher={SpringerOpen}
}


@article{raimbault2020comparison,
  title={A comparison of simple models for urban morphogenesis},
  author={Raimbault, Juste},
  journal={arXiv preprint arXiv:2008.13277},
  year={2020}
}

@article{schmitt2015half,
  title={Half a billion simulations: Evolutionary algorithms and distributed computing for calibrating the SimpopLocal geographical model},
  author={Schmitt, Clara and Rey-Coyrehourcq, S{\'e}bastien and Reuillon, Romain and Pumain, Denise},
  journal={Environment and Planning B: Planning and Design},
  volume={42},
  number={2},
  pages={300--315},
  year={2015},
  publisher={SAGE Publications Sage UK: London, England}
}

@book{arthur2014complexity,
  title={Complexity and the Economy},
  author={Arthur, W Brian},
  year={2014},
  publisher={Oxford University Press}
}

@article{raimbault2019methods,
  title={Methods for exploring simulation models},
  author={Raimbault, Juste and Pumain, Denise},
  journal={Geographical Modeling: Cities and Territories},
  volume={2},
  pages={125--150},
  year={2019},
  publisher={Wiley Online Library}
}

@article{raimbault2018calibration,
  title={Calibration of a density-based model of urban morphogenesis},
  author={Raimbault, Juste},
  journal={PloS one},
  volume={13},
  number={9},
  pages={e0203516},
  year={2018},
  publisher={Public Library of Science San Francisco, CA USA}
}


@article{raimbault2020indirect,
  title={Indirect evidence of network effects in a system of cities},
  author={Raimbault, Juste},
  journal={Environment and Planning B: Urban Analytics and City Science},
  volume={47},
  number={1},
  pages={138--155},
  year={2020},
  publisher={SAGE Publications Sage UK: London, England}
}

@inproceedings{raimbault2017applied,
  title={An Applied Knowledge Framework to Study Complex Systems},
  author={Raimbault, Juste},
  booktitle={Complex Systems Design \& Management},
  pages={31--45},
  year={2017}
}


@article{passerat2017reproducible,
  title={Reproducible large-scale neuroimaging studies with the openmole workflow management system},
  author={Passerat-Palmbach, Jonathan and Reuillon, Romain and Leclaire, Mathieu and Makropoulos, Antonios and Robinson, Emma C and Parisot, Sarah and Rueckert, Daniel},
  journal={Frontiers in neuroinformatics},
  volume={11},
  pages={21},
  year={2017},
  publisher={Frontiers}
}

@inproceedings{raimbault2019meta,
  title={A meta-analysis of models for interactions between transportation networks and territories},
  author={Raimbault, Juste},
  booktitle={European Colloquium on Theoretical and Quantitative Geography},
  year={2019}
}

@article{raimbault2021interdisciplinary,
  title={An interdisciplinary bibliometric analysis of models for land-use and transport interactions},
  author={Raimbault, Juste},
  journal={arXiv preprint arXiv:2102.13501},
  year={2021}
}

@incollection{raimbault2021building,
title={Building and validating modular urban transportation models using scientific workflow systems},
booktitle={Applied Urban Modeling Global Workshop 2021},
author={Raimbault, J. and Batty, M.},
year={2021}
}

@article{raimbault2021empowering,
  title={Empowering open science with reflexive and spatialised indicators},
  author={Raimbault, Juste and Chasset, Pierre-Olivier and Cottineau, Cl{\'e}mentine and Commenges, Hadrien and Pumain, Denise and Kosmopoulos, Christine and Banos, Arnaud},
  journal={Environment and Planning B: Urban Analytics and City Science},
  volume={48},
  number={2},
  pages={298--313},
  year={2021},
  publisher={SAGE Publications Sage UK: London, England}
}

@article{raimbault2019exploration,
  title={Exploration of an interdisciplinary scientific landscape},
  author={Raimbault, Juste},
  journal={Scientometrics},
  volume={119},
  number={2},
  pages={617--641},
  year={2019},
  publisher={Springer}
}


@article{batty2021new,
  title={A new framework for very large-scale urban modelling},
  author={Batty, Michael and Milton, Richard},
  journal={Urban Studies},
  pages={0042098020982252},
  year={2021},
  publisher={SAGE Publications Sage UK: London, England}
}

@book{horni2016multi,
  title={The multi-agent transport simulation MATSim},
  author={Horni, Andreas and Nagel, Kai and Axhausen, Kay W},
  year={2016},
  publisher={Ubiquity Press}
}

@article{lomax2017microsimulation,
  title={Microsimulation for demography},
  author={Lomax, NM and Smith, Andrew P},
  journal={Australian Population Studies},
  volume={1},
  number={1},
  pages={73--85},
  year={2017},
  publisher={Northern Institute, Charles Darwin University.}
}

@article{raimbault2020hierarchy,
  title={Hierarchy and co-evolution processes in urban systems},
  author={Raimbault, Juste},
  journal={arXiv preprint arXiv:2001.11989},
  year={2020}
}

@incollection{raimbault2020unveiling,
  title={Unveiling co-evolutionary patterns in systems of cities: a systematic exploration of the simpopnet model},
  author={Raimbault, Juste},
  booktitle={Theories and Models of Urbanization},
  pages={261--278},
  year={2020},
  publisher={Springer}
}


@article{marchionni2004geographical,
  title={Geographical economics versus economic geography: towards a clarification of the dispute},
  author={Marchionni, Caterina},
  journal={Environment and Planning A},
  volume={36},
  number={10},
  pages={1737--1753},
  year={2004},
  publisher={SAGE Publications Sage UK: London, England}
}


@article{stafford2017integration,
  title={Integration: the key to implementing the Sustainable Development Goals},
  author={Stafford-Smith, Mark and Griggs, David and Gaffney, Owen and Ullah, Farooq and Reyers, Belinda and Kanie, Norichika and Stigson, Bjorn and Shrivastava, Paul and Leach, Melissa and O’Connell, Deborah},
  journal={Sustainability science},
  volume={12},
  number={6},
  pages={911--919},
  year={2017},
  publisher={Springer}
}

@article{lemonsu2015vulnerability,
  title={Vulnerability to heat waves: Impact of urban expansion scenarios on urban heat island and heat stress in Paris (France)},
  author={Lemonsu, Aude and Viguie, Vincent and Daniel, M and Masson, V},
  journal={Urban Climate},
  volume={14},
  pages={586--605},
  year={2015},
  publisher={Elsevier}
}

@article{ford2019multi,
  title={A multi-scale urban integrated assessment framework for climate change studies: A flooding application},
  author={Ford, Alistair and Barr, Stuart and Dawson, Richard and Virgo, James and Batty, Michael and Hall, Jim},
  journal={Computers, Environment and Urban Systems},
  volume={75},
  pages={229--243},
  year={2019},
  publisher={Elsevier}
}

@article{reuillon2013openmole,
  title={OpenMOLE, a workflow engine specifically tailored for the distributed exploration of simulation models},
  author={Reuillon, Romain and Leclaire, Mathieu and Rey-Coyrehourcq, Sebastien},
  journal={Future Generation Computer Systems},
  volume={29},
  number={8},
  pages={1981--1990},
  year={2013},
  publisher={Elsevier}
}


@incollection{pumain2018evolutionary,
  title={An evolutionary theory of urban systems},
  author={Pumain, Denise},
  booktitle={International and transnational perspectives on urban systems},
  pages={3--18},
  year={2018},
  publisher={Springer}
}

@incollection{batty2012origins,
  title={The origins of complexity theory in cities and planning},
  author={Batty, Michael and Marshall, Stephen},
  booktitle={Complexity theories of cities have come of age},
  pages={21--45},
  year={2012},
  publisher={Springer}
}


@book{batty2013new,
  title={The new science of cities},
  author={Batty, Michael},
  year={2013},
  publisher={MIT press}
}

@incollection{pumain2008socio,
  title={The socio-spatial dynamics of systems of cities and innovation processes: a multi-level model},
  author={Pumain, Denise},
  booktitle={The Dynamics of Complex Urban Systems},
  pages={373--389},
  year={2008},
  publisher={Springer}
}

@article{reuillon2015new,
  title={A new method to evaluate simulation models: the calibration profile (cp) algorithm},
  author={Reuillon, Romain and Schmitt, Clara and De Aldama, Ricardo and Mouret, Jean-Baptiste},
  journal={Journal of Artificial Societies and Social Simulation},
  volume={18},
  number={1},
  pages={12},
  year={2015}
}

@article{raimbault2021estimating, title={Estimating public transport congestion in UK urban areas with open transport models}, DOI={10.5281/zenodo.4670012}, abstractNote={<p>Operational urban transport models require to gather heterogeneous sets of data and often integrate different sub-models. Their systematic validation and reproducible application therefore remains problematic. We propose in this contribution to build transport models from the bottom-up using scientific workflow systems with open-source components and data. These open models are aimed in particular at estimating congestion of public transport in all UK urban areas. This allows us building health indicators related to public transport density in the context of the COVID-19 crisis, and testing related policies.</p>}, publisher={Zenodo}, author={Raimbault, Juste and Batty, Michael}, year={2021}, month={Apr},
journal={29th Annual GIS Research UK Conference (GISRUK), Cardiff, Wales, UK (Online), 14-16 April 2021}
}

@incollection{raimbault2021modeling,
  title={Modeling the co-evolution of cities and networks},
  author={Raimbault, Juste},
  booktitle={Handbook of Cities and Networks, in press},
  publisher={E. Elgar}
  year={2021}
}

@incollection{raimbault2019urban,
  title={An urban morphogenesis model capturing interactions between networks and territories},
  author={Raimbault, Juste},
  booktitle={The mathematics of urban morphology},
  pages={383--409},
  year={2019},
  publisher={Springer}
}

@article{raimbault2021multiscale,
  title={A multiscale model of urban morphogenesis},
  author={Raimbault, Juste},
  journal={arXiv preprint arXiv:2103.17241},
  year={2021}
}

@article{raimbault2021strong,
  title={Strong coupling between scales in a multi-scalar model of urban dynamics},
  author={Raimbault, Juste},
  journal={arXiv preprint arXiv:2101.12725},
  year={2021}
}

@article{raimbault2019space,
  title={Space Matters: Extending Sensitivity Analysis to Initial Spatial Conditions in Geosimulation Models},
  author={Raimbault, Juste and Cottineau, Cl{\'e}mentine and Le Texier, Marion and Le Nechet, Florent and Reuillon, Romain},
  journal={Journal of Artificial Societies and Social Simulation},
  volume={22},
  number={4},
  year={2019},
  publisher={JASSS}
}

@inproceedings{raimbault2020scala,
  title={A scala library for spatial sensitivity analysis},
  author={Raimbault, J and Perret, J and Reuillon, R},
  year={2020},
  organization={GISRUK}
}

@inproceedings{raimbault2017applied,
  title={An Applied Knowledge Framework to Study Complex Systems},
  author={Raimbault, Juste},
  booktitle={Complex Systems Design \& Management},
  pages={31--45},
  year={2017}
}

@book{pumain2017urban,
  title={Urban dynamics and simulation models},
  author={Pumain, Denise and Reuillon, Romain},
  year={2017},
  publisher={Springer}
}

@inproceedings{banos2015coupling,
  title={Coupling micro and macro dynamics models on networks: Application to disease spread},
  author={Banos, Arnaud and Corson, Nathalie and Gaudou, Benoit and Laperri{\`e}re, Vincent and Coyrehourcq, S{\'e}bastien Rey},
  booktitle={International Workshop on Multi-Agent Systems and Agent-Based Simulation},
  pages={19--33},
  year={2015},
  organization={Springer}
}


@article{viguie2014downscaling,
  title={Downscaling long term socio-economic scenarios at city scale: a case study on Paris},
  author={Vigui{\'e}, Vincent and Hallegatte, St{\'e}phane and Rozenberg, Julie},
  journal={Technological forecasting and social change},
  volume={87},
  pages={305--324},
  year={2014},
  publisher={Elsevier}
}

@book{hall2006polycentric,
  title={The polycentric metropolis: learning from mega-city regions in Europe},
  author={Hall, Peter Geoffrey and Pain, Kathy},
  year={2006},
  publisher={Routledge}
}


@article{cottineau2015modular,
  title={A modular modelling framework for hypotheses testing in the simulation of urbanisation},
  author={Cottineau, Cl{\'e}mentine and Reuillon, Romain and Chapron, Paul and Rey-Coyrehourcq, S{\'e}bastien and Pumain, Denise},
  journal={Systems},
  volume={3},
  number={4},
  pages={348--377},
  year={2015},
  publisher={Multidisciplinary Digital Publishing Institute}
}

@incollection{pumain2017simpoplocal,
  title={The simpoplocal model},
  author={Pumain, Denise and Reuillon, Romain},
  booktitle={Urban Dynamics and Simulation Models},
  pages={21--35},
  year={2017},
  publisher={Springer}
}


@article{bourgine2009french,
  title={French roadmap for complex systems 2008-2009},
  author={Bourgine, Paul and Chavalarias, David and Perrier, Edith and Amblard, Frederic and Arlabosse, Francois and Auger, Pierre and Baillon, Jean-Bernard and Barreteau, Olivier and Baudot, Pierre and Bouchaud, Elisabeth and others},
  journal={arXiv preprint arXiv:0907.2221},
  year={2009}
}

@article{rozenblat2018conclusion,
  title={Conclusion: Toward a methodology for multi-scalar urban system policies},
  author={Rozenblat, Celine and Pumain, Denise},
  journal={International and Transnational Perspectives on Urban Systems},
  pages={385},
  year={2018},
  publisher={Springer}
}

@inproceedings{roth2006reconstruction,
  title={Reconstruction failures: Questioning level design},
  author={Roth, Camille},
  booktitle={International Workshop on Epistemological Aspects of Computer Simulation in the Social Sciences},
  pages={89--98},
  year={2006},
  organization={Springer}
}


@article{cherel2015beyond,
  title={Beyond corroboration: Strengthening model validation by looking for unexpected patterns},
  author={Ch{\'e}rel, Guillaume and Cottineau, Cl{\'e}mentine and Reuillon, Romain},
  journal={PloS one},
  volume={10},
  number={9},
  pages={e0138212},
  year={2015},
  publisher={Public Library of Science}
}

@phdthesis{banos2013pour,
  title={Pour des pratiques de mod{\'e}lisation et de simulation lib{\'e}r{\'e}es en g{\'e}ographie et SHS},
  author={Banos, Arnaud},
  year={2013},
  school={Universit{\'e} Paris 1 Panth{\'e}on Sorbonne}
}
