@article{wegener2011irpud,
  title={The IRPUD model},
  author={Wegener, Michael},
  journal={Spiekermann \& Wegener in Dortmund. Available online: http://www. spiekermann-wegener. com/mod/pdf/AP\_1101\_IRPUD\_Model. pdf (accessed on 1 December 2011)},
  year={2011}
}


@article{raimbault2019space,
  title={Space Matters: Extending Sensitivity Analysis to Initial Spatial Conditions in Geosimulation Models},
  author={Raimbault, J and Cottineau, C and Le Texier, M and Le Nechet, F and Reuillon, R},
  journal={Journal of Artificial Societies and Social Simulation},
  volume={22},
  number={4},
  year={2019},
  publisher={JASSS}
}



@article{raimbault2019exploration,
  title={Exploration of an interdisciplinary scientific landscape},
  author={Raimbault, Juste},
  journal={Scientometrics},
  volume={119},
  number={2},
  pages={617--641},
  year={2019},
  publisher={Springer}
}


@article{grimm2005pattern,
  title={Pattern-oriented modeling of agent-based complex systems: lessons from ecology},
  author={Grimm, Volker and Revilla, Eloy and Berger, Uta and Jeltsch, Florian and Mooij, Wolf M and Railsback, Steven F and Thulke, Hans-Hermann and Weiner, Jacob and Wiegand, Thorsten and DeAngelis, Donald L},
  journal={science},
  volume={310},
  number={5750},
  pages={987--991},
  year={2005},
  publisher={American Association for the Advancement of Science}
}


@article{reuillon2013openmole,
  title={OpenMOLE, a workflow engine specifically tailored for the distributed exploration of simulation models},
  author={Reuillon, Romain and Leclaire, Mathieu and Rey-Coyrehourcq, Sebastien},
  journal={Future Generation Computer Systems},
  volume={29},
  number={8},
  pages={1981--1990},
  year={2013},
  publisher={Elsevier}
}


@inproceedings{raimbault2020validation,
  title={Validation levels and standards depending on models types and functions},
  author={Raimbault, Juste},
  booktitle={Conference on Complex Systems 2019-SIMEXPLO II Satellite},
  year={2020}
}


@book{varenne2018theories,
  title={Th{\'e}ories et mod{\`e}les en sciences humaines: le cas de la g{\'e}ographie},
  author={Varenne, Franck},
  year={2018},
  publisher={{\'E}ditions mat{\'e}riologiques}
}



@book{giere2019scientific,
  title={Scientific perspectivism},
  author={Giere, Ronald N},
  year={2019},
  publisher={University of Chicago press}
}

