


@book{marcus2008ancient,
  title={The ancient city: New perspectives on urbanism in the old and new world},
  author={Marcus, Joyce and Sabloff, Jeremy A},
  year={2008},
  publisher={School for Advanced Research on the}
}

@article{liu1996settlement,
  title={Settlement patterns, chiefdom variability, and the development of early states in North China},
  author={Liu, Li},
  journal={Journal of anthropological archaeology},
  volume={15},
  number={3},
  pages={237--288},
  year={1996},
  publisher={Elsevier}
}


@article{lenormand2013adaptive,
  title={Adaptive approximate Bayesian computation for complex models},
  author={Lenormand, Maxime and Jabot, Franck and Deffuant, Guillaume},
  journal={Computational Statistics},
  volume={28},
  number={6},
  pages={2777--2796},
  year={2013},
  publisher={Springer}
}



@article{kurtzer2017singularity,
  title={Singularity: Scientific containers for mobility of compute},
  author={Kurtzer, Gregory M and Sochat, Vanessa and Bauer, Michael W},
  journal={PloS one},
  volume={12},
  number={5},
  pages={e0177459},
  year={2017},
  publisher={Public Library of Science}
}


@article{hagerstrand1957migration,
  title={Migration and area},
  author={H{\"a}gerstrand, Torsten},
  journal={Migration in Sweden},
  volume={13},
  pages={27--158},
  year={1957},
  publisher={Gleerup: Lund}
}



@article{hung2016guidock,
  title={GUIdock: using Docker containers with a common graphics user interface to address the reproducibility of research},
  author={Hung, Ling-Hong and Kristiyanto, Daniel and Lee, Sung Bong and Yeung, Ka Yee},
  journal={PloS one},
  volume={11},
  number={4},
  pages={e0152686},
  year={2016},
  publisher={Public Library of Science}
}

@inproceedings{grignard2013gama,
  title={GAMA 1.6: Advancing the art of complex agent-based modeling and simulation},
  author={Grignard, Arnaud and Taillandier, Patrick and Gaudou, Benoit and Vo, Duc An and Huynh, Nghi Quang and Drogoul, Alexis},
  booktitle={International Conference on Principles and Practice of Multi-Agent Systems},
  pages={117--131},
  year={2013},
  organization={Springer}
}


@phdthesis{gibrat1931inegalites,
  title={Les in{\'e}galit{\'e}s {\'e}conomiques: Applications... d'une loi nouvelle, la loi de l'effet proportionnel},
  author={Gibrat, R},
  year={1931},
  school={Recueil Sirey}
}


@article{fletcher1986settlement,
  title={Settlement archaeology: World-wide comparisons},
  author={Fletcher, Roland},
  journal={World Archaeology},
  volume={18},
  number={1},
  pages={59--83},
  year={1986},
  publisher={Taylor \& Francis}
}


@article{favaro2011gibrat,
  title={Gibrat Revisited: An Urban Growth Model Incorporating Spatial Interaction and Innovation Cycles. 再评吉尔布瑞特: 顾及空间相互作用和创新周期的城市增长模型},
  author={Favaro, Jean-Marc and Pumain, Denise},
  journal={Geographical Analysis},
  volume={43},
  number={3},
  pages={261--286},
  year={2011},
  publisher={Wiley Online Library}
}

@article{eubank2004modelling,
  title={Modelling disease outbreaks in realistic urban social networks},
  author={Eubank, Stephen and Guclu, Hasan and Kumar, VS Anil and Marathe, Madhav V and Srinivasan, Aravind and Toroczkai, Zoltan and Wang, Nan},
  journal={Nature},
  volume={429},
  number={6988},
  pages={180},
  year={2004},
  publisher={Nature Publishing Group}
}


@article{espinosa2012genetic,
  title={A genetic algorithm for the calibration of a micro-simulation model},
  author={Espinosa, Omar Baqueiro},
  journal={arXiv preprint arXiv:1201.3456},
  year={2012}
}

@article{eliot2006diffusion,
  title={Diffusion des {\'e}pid{\'e}mies et complexit{\'e}s g{\'e}ographiques. Perspectives conceptuelles et m{\'e}thodologiques},
  author={Eliot, Emmanuel and Daud{\'e}, {\'E}ric},
  journal={Espace populations soci{\'e}t{\'e}s. Space populations societies},
  number={2006/2-3},
  pages={403--416},
  year={2006},
  publisher={Universit{\'e} des Sciences et Technologies de Lille}
}



@article{dupuy2015sciences,
  title={Sciences urbaines: interdisciplinarit{\'e}s passive, na{\"\i}ve, transitive, offensive},
  author={Dupuy, Gabriel and Benguigui, Lucien Gilles},
  journal={M{\'e}tropoles},
  number={16},
  year={2015},
  publisher={ENTPE}
}


@article{duboz2010application,
  title={Application of an evolutionary algorithm to the inverse parameter estimation of an individual-based model},
  author={Duboz, Rapha{\"e}l and Versmisse, David and Travers, Morgane and Ramat, Eric and Shin, Yunne-Jai},
  journal={Ecological modelling},
  volume={221},
  number={5},
  pages={840--849},
  year={2010},
  publisher={Elsevier}
}


@book{demoule2018histoire,
author={Demoule, J.-P. and Garcia, D. and Schnapp, A.},
year={2018},
title={Une histoire des civilisations},
publisher={Paris, La Découverte, INRAP},
pages={607 p.}
}



@article{deffuant2003demarche,
  title={Une d{\'e}marche exp{\'e}rimentale pour la simulation individus-centr{\'e}e},
  author={Deffuant, Guillaume and Amblard, Fr{\'e}d{\'e}ric and Duboz, Raphael and Ramat, Eric},
  journal={Actes des 10{\`e}mes Journ{\'e}es de Rochebrune, rencontres interdisciplinaires sur les syst{\`e}mes complexes naturels et artificiels, statut {\'e}pist{\'e}mologique de la simulation},
  pages={45--64},
  year={2003}
}


@article{csillery2010approximate,
  title={Approximate Bayesian computation (ABC) in practice},
  author={Csill{\'e}ry, Katalin and Blum, Michael GB and Gaggiotti, Oscar E and Fran{\c{c}}ois, Olivier},
  journal={Trends in ecology \& evolution},
  volume={25},
  number={7},
  pages={410--418},
  year={2010},
  publisher={Elsevier}
}


@book{cliff2004world,
  title={World atlas of epidemic diseases},
  author={Cliff, Andrew David and Haggett, Peter and Smallman-Raynor, Matthew and others},
  year={2004},
  publisher={Arnold London}
}

@article{clarke1983dynamics,
  title={The dynamics of urban spatial structure: progress and problems},
  author={Clarke, Martin and Wilson, Alan Geoffrey},
  journal={Journal of regional science},
  volume={23},
  number={1},
  pages={1--18},
  year={1983},
  publisher={Wiley Online Library}
}


@article{bura1996multiagent,
  title={Multiagent systems and the dynamics of a settlement system},
  author={Bura, St{\'e}phane and Gu{\'e}rin-Pace, France and Mathian, H{\'e}l{\`e}ne and Pumain, Denise and Sanders, Lena},
  journal={Geographical analysis},
  volume={28},
  number={2},
  pages={161--178},
  year={1996},
  publisher={Wiley Online Library}
}



@incollection{sanders2018peupler,
  author={Bretagnolle, A. and Franc, A.},
  title={Vers des systèmes de villes intégrés},
  booktitle={Peupler la terre: De la pr{\'e}histoire {\`a} l’{\`e}re des m{\'e}tropoles},
  editor={Sanders, Lena},
  year={2018},
  publisher={Presses universitaires Fran{\c{c}}ois-Rabelais}
}



@article{bretagnolle2010simulating,
  title={Simulating urban networks through multiscalar space-time dynamics: Europe and the united states, 17th-20th centuries},
  author={Bretagnolle, Anne and Pumain, Denise},
  journal={Urban Studies},
  volume={47},
  number={13},
  pages={2819--2839},
  year={2010},
  publisher={SAGE Publications Sage UK: London, England}
}



@article{bonnafous1974methodologies,
  title={Les m{\'e}thodologies usuelles de l'{\'e}tude des effets structurants de l'offre de transport},
  author={Bonnafous, Alain and Plassard, Fran{\c{c}}ois},
  journal={Revue {\'e}conomique},
  volume={25},
  number={25},
  pages={208--232},
  year={1974},
  publisher={Presses de Science Po}
}



@misc{batty2019urban,
  title={Urban analytics defined},
  author={Batty, Michael},
  year={2019},
  publisher={SAGE Publications Sage UK: London, England}
}



@incollection{banos2017knowledge,
	Author = {Banos, Arnaud},
	Booktitle = {Urban Dynamics and Simulation Models},
	Pages = {119--123},
	Publisher = {Springer},
	Title = {Knowledge Accelerator' in Geography and Social Sciences: Further and Faster, but Also Deeper and Wider},
	Year = {2017}}




@phdthesis{banos2013pour,
  title={Pour des pratiques de mod{\'e}lisation et de simulation lib{\'e}r{\'e}es en g{\'e}ographie et SHS},
  author={Banos, Arnaud},
  year={2013},
  school={Universit{\'e} Paris 1 Panth{\'e}on Sorbonne}
}

@book{allen2012cities,
  title={Cities and regions as self-organizing systems: models of complexity},
  author={Allen, Peter M},
  year={2012},
  publisher={Routledge}
}

@book{jensen2018pourquoi,
  title={Pourquoi la soci{\'e}t{\'e} ne se laisse pas mettre en {\'e}quations},
  author={Jensen, Pablo},
  year={2018},
  publisher={Le Seuil}
}




@article{allen1981urban,
  title={Urban evolution, self-organization, and decisionmaking},
  author={Allen, Peter M and Sanglier, Michele},
  journal={Environment and Planning A},
  volume={13},
  number={2},
  pages={167--183},
  year={1981},
  publisher={SAGE Publications Sage UK: London, England}
}



@phdthesis{amblard2003comprendre,
  title={Comprendre le fonctionnement de simulations sociales individus-centr{\'e}es: Application {\`a} des mod{\`e}les de dynamiques d'opinions},
  author={Amblard, Fr{\'e}d{\'e}ric},
  year={2003},
  school={Universit{\'e} Blaise Pascal-Clermont-Ferrand II}
}


@book{amblard2006modelisation,
  title={Mod{\'e}lisation et simulation multi-agents: Applications pour les Sciences de l'Homme et de la Soci{\'e}t{\'e}},
  author={Amblard, Fr{\'e}d{\'e}ric and Phan, Denis},
  year={2006},
  publisher={Herm{\`e}s science publications}
}


@book{aster2018parameter,
  title={Parameter estimation and inverse problems},
  author={Aster, Richard C and Borchers, Brian and Thurber, Clifford H},
  year={2018},
  publisher={Elsevier}
}