

@inproceedings{cottineau2017initial,
  title={Initial spatial conditions in simulation models: the missing leg of sensitivity analyses?},
  author={Cottineau, Cl{\'e}mentine and Raimbault, Juste and Le Texier, Marion and Le N{\'e}chet, Florent and Reuillon, Romain},
  booktitle={2017 International Conference on GeoComputation: Celebrating 21 Years of GeoComputation},
  year={2017}
}


@article{banos2015importance,
  title={The importance of being hybrid for spatial epidemic models: a multi-scale approach},
  author={Banos, Arnaud and Corson, Nathalie and Gaudou, Benoit and Laperri{\`e}re, Vincent and Coyrehourcq, S{\'e}bastien Rey},
  journal={Systems},
  volume={3},
  number={4},
  pages={309--329},
  year={2015},
  publisher={Multidisciplinary Digital Publishing Institute}
}


@phdthesis{arduin2018modelisation,
  title={Mod{\'e}lisation math{\'e}matique des interactions entre pathog{\`e}nes chez lâ€™h{\^o}te humain: Application aux virus de la grippe et au pneumocoque},
  author={Arduin, H{\'e}l{\`e}ne},
  year={2018},
  school={Universit{\'e} Paris-Saclay}
}


@inproceedings{lavallee2018dynamical,
  title={A dynamical model for the growth of a stand of Japanese knotweed including mowing as a management technique},
  author={Lavall{\'e}e, F. and Alvarez, I. and Dommanget, F. and Martin, S. and Reineking, B. and Smadi, C.},
	booktitle={Conference on Complex Systems 2018},
	year={2018}
}

@article{passerat2017reproducible,
  title={Reproducible Large-Scale Neuroimaging Studies with the OpenMOLE Workflow Management System},
  author={Passerat-Palmbach, Jonathan and Reuillon, Romain and Leclaire, Mathieu and Makropoulos, Antonios and Robinson, Emma C and Parisot, Sarah and Rueckert, Daniel},
  journal={Frontiers in neuroinformatics},
  volume={11},
  pages={21},
  year={2017},
  publisher={Frontiers}
}


@inproceedings{raimbault2017applied,
  title={An Applied Knowledge Framework to Study Complex Systems},
  author={Raimbault, Juste},
  booktitle={Complex Systems Design \& Management},
  pages={31--45},
  year={2017}
}

@inproceedings{raimbault2014hybrid,
  title={A Hybrid Network/Grid Model of Urban Morphogenesis and Optimization},
  author={Raimbault, Juste and Banos, Arnaud and Doursat, Ren{\'e}},
  booktitle={4th International Conference on Complex Systems and Applications},
  pages={51--60},
  year={2014}
}

@article{openshaw1987mark,
  title={A mark 1 geographical analysis machine for the automated analysis of point data sets},
  author={Openshaw, Stan and Charlton, Martin and Wymer, Colin and Craft, Alan},
  journal={International Journal of Geographical Information System},
  volume={1},
  number={4},
  pages={335--358},
  year={1987},
  publisher={Taylor \& Francis}
}


@book{behnisch2018trends,
  title={Trends in Spatial Analysis and Modelling},
  author={Behnisch, Martin and Meinel, Gotthard},
  year={2018},
  publisher={Springer}
}



@inproceedings{perez2016agent,
	Author = {Perez, Pascal and Banos, Arnaud and Pettit, Chris},
	Booktitle = {International Workshop on Agent Based Modelling of Urban Systems},
	Organization = {Springer},
	Pages = {60--69},
	Title = {Agent-Based Modelling for Urban Planning Current Limitations and Future Trends},
	Year = {2016}}



@article{arribas2018geography,
  title={Geography and computers: Past, present, and future},
  author={Arribas-Bel, Dani and Reades, Jon},
  journal={Geography Compass},
  pages={e12403},
  year={2018},
  publisher={Wiley Online Library}
}
