
@article{wegener2004land,
	Author = {Wegener, Michael and F{\"u}rst, Franz},
	Journal = {Available at SSRN 1434678},
	Title = {Land-use transport interaction: state of the art},
	Year = {2004}}




@article{viguie2014downscaling,
	Author = {Vigui{\'e}, Vincent and Hallegatte, St{\'e}phane and Rozenberg, Julie},
	Journal = {Technological forecasting and social change},
	Pages = {305--324},
	Title = {Downscaling long term socio-economic scenarios at city scale: A case study on Paris},
	Volume = {87},
	Year = {2014}}



@inproceedings{le2015modeling,
  title={Modeling the emergence of metropolitan transport autorithy in a polycentric urban region},
  author={Le N{\'e}chet, Florent and Raimbault, Juste},
  booktitle={19th European Colloquium on Theoretical and Quantitative Geography 2015},
  year={2015}
}


@inproceedings{raimbault2018systemes,
  title={Des syst{\`e}mes naturels aux syst{\`e}mes urbains: g{\'e}n{\'e}ration de r{\'e}seaux de transport optimaux par mod{\`e}le slime-mould},
  author={Raimbault, Juste},
  booktitle={BioMim Expo 2018},
  year={2018}
}



@incollection{banos2012towards,
	Author = {Banos, Arnaud and Genre-Grandpierre, Cyrille},
	Booktitle = {Agent-based models of geographical systems},
	Pages = {627--641},
	Publisher = {Springer},
	Title = {Towards new metrics for urban road networks: Some preliminary evidence from agent-based simulations},
	Year = {2012}}


@article{raimbault2018calibration,
  title={Calibration of a density-based model of urban morphogenesis},
  author={Raimbault, Juste},
  journal={PloS one},
  volume={13},
  number={9},
  pages={e0203516},
  year={2018},
  publisher={Public Library of Science}
}



@inproceedings{wardrop1952some,
  title={Some theoretical aspects of road traffic research},
  author={Wardrop, John Glen},
  booktitle={Inst Civil Engineers Proc London/UK/},
  year={1952}
}


@inproceedings{cottineau2017initial,
  title={Initial spatial conditions in simulation models: the missing leg of sensitivity analyses?},
  author={Cottineau, Cl{\'e}mentine and Raimbault, Juste and Le Texier, Marion and Le N{\'e}chet, Florent and Reuillon, Romain},
  booktitle={2017 International Conference on GeoComputation: Celebrating 21 Years of GeoComputation},
  year={2017}
}
