


@article{simon1955class,
  title={On a class of skew distribution functions},
  author={Simon, Herbert A},
  journal={Biometrika},
  volume={42},
  number={3/4},
  pages={425--440},
  year={1955},
  publisher={JSTOR}
}

@article{cordoba2008generalized,
  title={A generalized Gibrat's law},
  author={C{\'o}rdoba, Juan Carlos},
  journal={International Economic Review},
  volume={49},
  number={4},
  pages={1463--1468},
  year={2008},
  publisher={Wiley Online Library}
}

@article{gabaix1999zipf,
  title={Zipf's law for cities: an explanation},
  author={Gabaix, Xavier},
  journal={The Quarterly journal of economics},
  volume={114},
  number={3},
  pages={739--767},
  year={1999},
  publisher={MIT Press}
}

@article{cottineau2017diverse,
  title={Diverse cities or the systematic paradox of urban scaling laws},
  author={Cottineau, Cl{\'e}mentine and Hatna, Erez and Arcaute, Elsa and Batty, Michael},
  journal={Computers, environment and urban systems},
  volume={63},
  pages={80--94},
  year={2017},
  publisher={Elsevier}
}

@article{berry2012city,
  title={The city size distribution debate: Resolution for US urban regions and megalopolitan areas},
  author={Berry, Brian JL and Okulicz-Kozaryn, Adam},
  journal={Cities},
  volume={29},
  pages={S17--S23},
  year={2012},
  publisher={Elsevier}
}

@article{ioannides2003zipf,
  title={Zipf’s law for cities: an empirical examination},
  author={Ioannides, Yannis M and Overman, Henry G},
  journal={Regional science and urban economics},
  volume={33},
  number={2},
  pages={127--137},
  year={2003},
  publisher={Elsevier}
}

@article{eeckhout2004gibrat,
  title={Gibrat's law for (all) cities},
  author={Eeckhout, Jan},
  journal={American Economic Review},
  volume={94},
  number={5},
  pages={1429--1451},
  year={2004}
}

@article{gibrat1931inegalits,
  title={Les in{\'e}galits {\'e}conomiques},
  author={Gibrat, Robert},
  journal={Sirey},
  year={1931}
}

@article{raimbault2020empowering,
  title={Empowering urban governance through urban science: Multi-scale dynamics of urban systems worldwide},
  author={Raimbault, Juste and Denis, Eric and Pumain, Denise},
  journal={Sustainability},
  volume={12},
  number={15},
  pages={5954},
  year={2020},
  publisher={Multidisciplinary Digital Publishing Institute}
}

@article{bergeaud2017classifying,
  title={Classifying patents based on their semantic content},
  author={Bergeaud, Antonin and Potiron, Yoann and Raimbault, Juste},
  journal={PloS one},
  volume={12},
  number={4},
  pages={e0176310},
  year={2017},
  publisher={Public Library of Science San Francisco, CA USA}
}


@article{de2019geocoding,
  title={Geocoding of worldwide patent data},
  author={De Rassenfosse, Ga{\'e}tan and Kozak, Jan and Seliger, Florian},
  journal={Scientific data},
  volume={6},
  number={1},
  pages={1--15},
  year={2019},
  publisher={Nature Publishing Group}
}



@article{bergeaud2021patentcity,
  title={PatentCity: A Century of Innovation: New Data and Facts},
  author={Bergeaud, Antonin and Verluise, Cyril},
  year={2021}
}


@book{fotheringham1989spatial,
  title={Spatial interaction models: formulations and applications},
  author={Fotheringham, A Stewart and O'Kelly, Morton E},
  volume={1},
  year={1989},
  publisher={Kluwer Academic Publishers Dordrecht}
}

@article{favaro2011gibrat,
  title={Gibrat Revisited: An Urban Growth Model Incorporating Spatial Interaction and Innovation Cycles},
  author={Favaro, Jean-Marc and Pumain, Denise},
  journal={Geographical Analysis},
  volume={43},
  number={3},
  pages={261--286},
  year={2011},
  publisher={Wiley Online Library}
}

@article{pumain2006evolutionary,
  title={An evolutionary theory for interpreting urban scaling laws},
  author={Pumain, Denise and Paulus, Fabien and Vacchiani-Marcuzzo, C{\'e}line and Lobo, Jos{\'e}},
  journal={Cybergeo: European Journal of Geography},
  year={2006},
  publisher={CNRS-UMR G{\'e}ographie-cit{\'e}s 8504}
}

@article{hagerstrand1968innovation,
  title={Innovation diffusion as a spatial process.},
  author={Hagerstrand, Torsten},
  journal={Innovation diffusion as a spatial process.},
  year={1968},
  publisher={Chicago, USA: Univ. Chicago Press.}
}

@article{zenobia2009artificial,
  title={Artificial markets: A review and assessment of a new venue for innovation research},
  author={Zenobia, Brent and Weber, Charles and Daim, Tugrul},
  journal={Technovation},
  volume={29},
  number={5},
  pages={338--350},
  year={2009},
  publisher={Elsevier}
}


@article{bedau2000open,
  title={Open problems in artificial life},
  author={Bedau, Mark A and McCaskill, John S and Packard, Norman H and Rasmussen, Steen and Adami, Chris and Green, David G and Ikegami, Takashi and Kaneko, Kunihiko and Ray, Thomas S},
  journal={Artificial life},
  volume={6},
  number={4},
  pages={363--376},
  year={2000},
  publisher={MIT Press}
}

@article{viguie2012trade,
  title={Trade-offs and synergies in urban climate policies},
  author={Vigui{\'e}, Vincent and Hallegatte, St{\'e}phane},
  journal={Nature Climate Change},
  volume={2},
  number={5},
  pages={334--337},
  year={2012},
  publisher={Nature Publishing Group}
}

@article{harbaugh2002reexamining,
  title={Reexamining the empirical evidence for an environmental Kuznets curve},
  author={Harbaugh, William T and Levinson, Arik and Wilson, David Molloy},
  journal={Review of Economics and Statistics},
  volume={84},
  number={3},
  pages={541--551},
  year={2002},
  publisher={MIT Press 238 Main St., Suite 500, Cambridge, MA 02142-1046, USA journals~…}
}


@article{stern2004rise,
  title={The rise and fall of the environmental Kuznets curve},
  author={Stern, David I},
  journal={World development},
  volume={32},
  number={8},
  pages={1419--1439},
  year={2004},
  publisher={Elsevier}
}

@article{dinda2004environmental,
  title={Environmental Kuznets curve hypothesis: a survey},
  author={Dinda, Soumyananda},
  journal={Ecological economics},
  volume={49},
  number={4},
  pages={431--455},
  year={2004},
  publisher={Elsevier}
}

@misc{sdg2015sustainable,
  title={Sustainable Development Goals. United Nations},
  author={United Nations},
  year={2015}
}

@article{raimbault2019space,
  title={Space Matters: Extending Sensitivity Analysis to Initial Spatial Conditions in Geosimulation Models},
  author={Raimbault, Juste and Cottineau, Cl{\'e}mentine and Le Texier, Marion and Le N{\'e}chet, Florent and Reuillon, Romain},
  journal={Journal of Artificial Societies and Social Simulation},
  volume={22},
  number={4},
  year={2019}
}

@inproceedings{raimbault2019generating,
  title={Generating urban morphologies at large scales},
  author={Raimbault, Juste and Perret, Julien},
  booktitle={The 2019 Conference on Artificial Life},
  pages={179--186},
  year={2019},
  organization={MIT Press}
}

@article{raimbault2019second,
  title={Second-order control of complex systems with correlated synthetic data},
  author={Raimbault, Juste},
  journal={Complex Adaptive Systems Modeling},
  volume={7},
  number={1},
  pages={1--19},
  year={2019},
  publisher={Springer}
}

@article{reuillon2013openmole,
  title={OpenMOLE, a workflow engine specifically tailored for the distributed exploration of simulation models},
  author={Reuillon, Romain and Leclaire, Mathieu and Rey-Coyrehourcq, Sebastien},
  journal={Future Generation Computer Systems},
  volume={29},
  number={8},
  pages={1981--1990},
  year={2013},
  publisher={Elsevier}
}

@article{raimbault2021estimating,
  title={Estimating public transport congestion in UK urban areas with open transport models},
  author={Raimbault, Juste and Batty, Michael},
  journal={arXiv preprint arXiv:2104.14359},
  year={2021}
}


@article{batty2021new,
  title={A new framework for very large-scale urban modelling},
  author={Batty, Michael and Milton, Richard},
  journal={Urban Studies},
  volume={58},
  number={15},
  pages={3071--3094},
  year={2021},
  publisher={SAGE Publications Sage UK: London, England}
}


@article{spooner2021dynamic,
  title={A dynamic microsimulation model for epidemics},
  author={Spooner, Fiona and Abrams, Jesse F and Morrissey, Karyn and Shaddick, Gavin and Batty, Michael and Milton, Richard and Dennett, Adam and Lomax, Nik and Malleson, Nick and Nelissen, Natalie and others},
  journal={Social Science \& Medicine},
  volume={291},
  pages={114461},
  year={2021},
  publisher={Elsevier}
}


@book{w2016multi,
  title={The multi-agent transport simulation MATSim},
  author={W Axhausen, Kay and Horni, Andreas and Nagel, Kai},
  year={2016},
  publisher={Ubiquity Press}
}

@article{raimbault2020scala,
  title={A scala library for spatial sensitivity analysis},
  author={Raimbault, Juste and Perret, Julien and Reuillon, Romain},
  journal={arXiv preprint arXiv:2007.10667},
  year={2020}
}

@article{raimbault2021complementarity,
  title={Complementarity of generative models for road networks},
  author={Raimbault, Juste},
  journal={arXiv preprint arXiv:2109.15206},
  year={2021}
}


@article{raimbault2020comparison,
  title={A comparison of simple models for urban morphogenesis},
  author={Raimbault, Juste},
  journal={arXiv preprint arXiv:2008.13277},
  year={2020}
}


@inproceedings{raimbault2018multi,
  title={Multi-modeling the morphogenesis of transportation networks},
  author={Raimbault, Juste},
  booktitle={European Conference on Artificial Life (ALIFE 2018)},
  volume={2018},
  pages={382--383},
  year={2018},
  organization={MIT Press}
}


@article{raimbault2021multiscale,
  title={A multiscale model of urban morphogenesis},
  author={Raimbault, Juste},
  journal={arXiv preprint arXiv:2103.17241},
  year={2021}
}


@article{raimbault2021strong,
  title={Strong coupling between scales in a multi-scalar model of urban dynamics},
  author={Raimbault, Juste},
  journal={arXiv preprint arXiv:2101.12725},
  year={2021}
}

@article{batty2014can,
  title={Can it happen again? Planning support, Lee's Requiem and the rise of the smart cities movement},
  author={Batty, Michael},
  journal={Environment and Planning B: Planning and Design},
  volume={41},
  number={3},
  pages={388--391},
  year={2014},
  publisher={SAGE Publications Sage UK: London, England}
}

@article{lee1973requiem,
  title={Requiem for large-scale models},
  author={Lee Jr, Douglass B},
  journal={Journal of the American Institute of planners},
  volume={39},
  number={3},
  pages={163--178},
  year={1973},
  publisher={Taylor \& Francis}
}

@phdthesis{banos2013pour,
  title={Pour des pratiques de mod{\'e}lisation et de simulation lib{\'e}r{\'e}es en g{\'e}ographie et SHS},
  author={Banos, Arnaud},
  year={2013},
  school={Universit{\'e} Paris 1 Panth{\'e}on Sorbonne}
}


@article{raimbault2019exploration,
  title={Exploration of an interdisciplinary scientific landscape},
  author={Raimbault, Juste},
  journal={Scientometrics},
  volume={119},
  number={2},
  pages={617--641},
  year={2019},
  publisher={Springer}
}
