



@article{rozenblat2018conclusion,
  title={Conclusion: Toward a Methodology for Multi-scalar Urban System Policies},
  author={Rozenblat, Celine and Pumain, Denise},
  journal={International and Transnational Perspectives on Urban Systems},
  pages={385},
  year={2018},
  publisher={Springer}
}

@article{bettencourt2007growth,
  title={Growth, innovation, scaling, and the pace of life in cities},
  author={Bettencourt, Lu{\'\i}s MA and Lobo, Jos{\'e} and Helbing, Dirk and K{\"u}hnert, Christian and West, Geoffrey B},
  journal={Proceedings of the national academy of sciences},
  volume={104},
  number={17},
  pages={7301--7306},
  year={2007},
  publisher={National Acad Sciences}
}


@article{raimbault2018modeling,
  title={Modeling the co-evolution of cities and networks},
  author={Raimbault, Juste},
  journal={forthcoming in Handbook of Cities and Networks, Rozenblat C., Niel Z., eds. arXiv:1804.09430},
  year={2019}
}

@incollection{pumain2017simpoplocal,
	Author = {Pumain, Denise and Reuillon, Romain},
	Booktitle = {Urban Dynamics and Simulation Models},
	Pages = {21--35},
	Publisher = {Springer},
	Title = {The SimpopLocal Model},
	Year = {2017}}


@incollection{pumain2018evolutionary,
	Author = {Pumain, Denise},
	Booktitle = {International and Transnational Perspectives on Urban Systems},
	Pages = {3--18},
	Publisher = {Springer},
	Title = {An Evolutionary Theory of Urban Systems},
	Year = {2018}}



@book{morin1980methode,
	Author = {Morin, Edgar},
	Publisher = {Le Seuil},
	Title = {La M{\'e}thode, tome 2. La Vie de la Vie},
	Year = {1980}}



@article{allen2017multiscale,
	Author = {Allen, Benjamin and Stacey, Blake C and Bar-Yam, Yaneer},
	Journal = {Entropy},
	Number = {6},
	Pages = {273},
	Title = {Multiscale Information Theory and the Marginal Utility of Information},
	Volume = {19},
	Year = {2017}}



@book{holland2012signals,
	Author = {Holland, John H},
	Publisher = {MIT Press},
	Title = {Signals and boundaries: Building blocks for complex adaptive systems},
	Year = {2012}}


